@article{ CH,
author = {D, Costa and Hertz, Alain},
year = {1997},
month = {03},
pages = {295-305},
title = {Ants Can Colour Graphs},
volume = {48},
journal = {Journal of the Operational Research Society},
doi = {10.1057/palgrave.jors.2600357}
}
@article{BNPP,
author = {Bui, Thang and Nguyen, ThanhVu and Patel, Chirag and Phan, Kim-Anh},
year = {2008},
month = {01},
pages = {190-200},
title = {An ant-based algorithm for coloring graphs},
volume = {156},
journal = {Discrete Applied Mathematics},
doi = {10.1016/j.dam.2006.07.012}
}
@article{HM,
author = {Halldórsson, Magnús},
year = {1993},
month = {01},
pages = {19-23},
title = {A still better performance guarantee for approximate graph coloring},
volume = {45},
journal = {Information Processing Letters},
doi = {10.1016/0020-0190(93)90246-6}
}
@article{Bessedik,
author = {Bessedik, Malika and Laib, R. and Boulmerka, Aissa and Drias, Habiba},
year = {2005},
month = {12},
pages = {786- 791},
title = {Ant Colony System for Graph Coloring Problem},
isbn = {0-7695-2504-0},
doi = {10.1109/CIMCA.2005.1631360}
}
@inproceedings{SEH,
author = {Salari, E. and Eshghi, Kourosh},
year = {2005},
month = {01},
pages = {5 pp.},
title = {An ACO algorithm for graph coloring problem},
volume = {3},
doi = {10.1109/CIMA.2005.1662331}
}
@inproceedings{ASLSCT,
author = {Ahn, SangHyuck and Lee, SeungGwan and Chung, TaeChoong},
year = {2004},
month = {01},
pages = {1849 - 1853 vol.3},
title = {Modified ant colony system for coloring graphs},
isbn = {0-7803-8185-8},
doi = {10.1109/ICICS.2003.1292787}
}
@article{AMHABM,
author = {Adegbindin, Mourchid and Hertz, Alain and Bellaiche, Martine},
year = {2016},
month = {01},
pages = {3-3},
title = {A new efficient RLF-like algorithm for the vertex coloring problem},
volume = {26},
journal = {Yugoslav Journal of Operations Research},
doi = {10.2298/YJOR151102003A}
}
@article{LF,
author = {Leighton, Frank},
year = {1979},
month = {11},
pages = {},
title = {A graph coloring algorithm for large scheduling problems},
volume = {84},
journal = {Journal of Research of the National Bureau of Standards},
doi = {10.6028/jres.084.024}
}
@misc{DIMAC,
	author = {Daniel Porumbel, Jin Kao Hao, Pascale Kuntz},
	title = {DIMACS Graphs: Benchmark Instances and Best Upper Bounds},
    howpublished = "\url{http://cedric.cnam.fr/~porumbed/graphs/}",
     year = {2011}, 
   note ={[Online; accessed 14-06-2020]}
}